[{"isBestMatch": true, "qty": "5.00000000", "price": "2.83540000", "time": 1543842780217, "id": 11102422, "isBuyerMaker": false}, {"isBestMatch": true, "qty": "75.18000000", "price": "2.83540000", "time": 1543842780301, "id": 11102423, "isBuyerMaker": false}, {"isBestMatch": true, "qty": "50.29000000", "price": "2.83750000", "time": 1543842780405, "id": 11102424, "isBuyerMaker": false}, {"isBestMatch": true, "qty": "21.25000000", "price": "2.83750000", "time": 1543842780405, "id": 11102425, "isBuyerMaker": false}, {"isBestMatch": true, "qty": "18.80000000", "price": "2.83570000", "time": 1543842796455, "id": 11102426, "isBuyerMaker": true}, {"isBestMatch": true, "qty": "19.53000000", "price": "2.83560000", "time": 1543842796555, "id": 11102427, "isBuyerMaker": true}, {"isBestMatch": true, "qty": "44.47000000", "price": "2.83710000", "time": 1543842806068, "id": 11102428, "isBuyerMaker": false}, {"isBestMatch": true, "qty": "68.57000000", "price": "2.83720000", "time": 1543842806068, "id": 11102429, "isBuyerMaker": false}, {"isBestMatch": true, "qty": "319.12000000", "price": "2.83620000", "time": 1543842806348, "id": 11102430, "isBuyerMaker": false}, {"isBestMatch": true, "qty": "5.27000000", "price": "2.83720000", "time": 1543842813069, "id": 11102431, "isBuyerMaker": false}, {"isBestMatch": true, "qty": "70.00000000", "price": "2.83570000", "time": 1543842819235, "id": 11102432, "isBuyerMaker": true}, {"isBestMatch": true, "qty": "58.57000000", "price": "2.83650000", "time": 1543842840395, "id": 11102433, "isBuyerMaker": true}, {"isBestMatch": true, "qty": "41.42000000", "price": "2.83600000", "time": 1543842840827, "id": 11102434, "isBuyerMaker": true}, {"isBestMatch": true, "qty": "103.54000000", "price": "2.83600000", "time": 1543842857318, "id": 11102435, "isBuyerMaker": false}, {"isBestMatch": true, "qty": "290.68000000", "price": "2.83600000", "time": 1543842857450, "id": 11102436, "isBuyerMaker": false}, {"isBestMatch": true, "qty": "4.98000000", "price": "2.83600000", "time": 1543842858905, "id": 11102437, "isBuyerMaker": false}, {"isBestMatch": true, "qty": "4.98000000", "price": "2.83600000", "time": 1543842859310, "id": 11102438, "isBuyerMaker": false}, {"isBestMatch": true, "qty": "9.96000000", "price": "2.83600000", "time": 1543842859416, "id": 11102439, "isBuyerMaker": false}, {"isBestMatch": true, "qty": "75.74000000", "price": "2.83610000", "time": 1543842863447, "id": 11102440, "isBuyerMaker": true}, {"isBestMatch": true, "qty": "14.94000000", "price": "2.83600000", "time": 1543842863447, "id": 11102441, "isBuyerMaker": true}, {"isBestMatch": true, "qty": "9.32000000", "price": "2.83600000", "time": 1543842863447, "id": 11102442, "isBuyerMaker": true}, {"isBestMatch": true, "qty": "200.00000000", "price": "2.83470000", "time": 1543842890670, "id": 11102443, "isBuyerMaker": true}, {"isBestMatch": true, "qty": "58.24000000", "price": "2.83620000", "time": 1543842903588, "id": 11102444, "isBuyerMaker": false}, {"isBestMatch": true, "qty": "37.27000000", "price": "2.83630000", "time": 1543842915514, "id": 11102445, "isBuyerMaker": false}, {"isBestMatch": true, "qty": "32.14000000", "price": "2.83630000", "time": 1543842915607, "id": 11102446, "isBuyerMaker": false}, {"isBestMatch": true, "qty": "14.61000000", "price": "2.83630000", "time": 1543842919462, "id": 11102447, "isBuyerMaker": false}, {"isBestMatch": true, "qty": "115.98000000", "price": "2.83630000", "time": 1543842923114, "id": 11102448, "isBuyerMaker": false}, {"isBestMatch": true, "qty": "200.00000000", "price": "2.83620000", "time": 1543842923918, "id": 11102449, "isBuyerMaker": false}, {"isBestMatch": true, "qty": "100.37000000", "price": "2.83590000", "time": 1543842928471, "id": 11102450, "isBuyerMaker": true}, {"isBestMatch": true, "qty": "160.22000000", "price": "2.83600000", "time": 1543842928471, "id": 11102451, "isBuyerMaker": false}, {"isBestMatch": true, "qty": "99.92000000", "price": "2.83610000", "time": 1543842934736, "id": 11102452, "isBuyerMaker": false}, {"isBestMatch": true, "qty": "99.72000000", "price": "2.83610000", "time": 1543842937096, "id": 11102453, "isBuyerMaker": false}, {"isBestMatch": true, "qty": "0.36000000", "price": "2.83610000", "time": 1543842943458, "id": 11102454, "isBuyerMaker": false}, {"isBestMatch": true, "qty": "3.69000000", "price": "2.83620000", "time": 1543842943458, "id": 11102455, "isBuyerMaker": false}, {"isBestMatch": true, "qty": "8.29000000", "price": "2.83620000", "time": 1543842947297, "id": 11102456, "isBuyerMaker": false}, {"isBestMatch": true, "qty": "107.72000000", "price": "2.83750000", "time": 1543842961038, "id": 11102457, "isBuyerMaker": false}, {"isBestMatch": true, "qty": "354.27000000", "price": "2.83610000", "time": 1543842965411, "id": 11102458, "isBuyerMaker": true}, {"isBestMatch": true, "qty": "200.00000000", "price": "2.83610000", "time": 1543842965411, "id": 11102459, "isBuyerMaker": true}, {"isBestMatch": true, "qty": "286.04000000", "price": "2.83520000", "time": 1543842966514, "id": 11102460, "isBuyerMaker": true}, {"isBestMatch": true, "qty": "7.01000000", "price": "2.83290000", "time": 1543842984778, "id": 11102461, "isBuyerMaker": true}, {"isBestMatch": true, "qty": "3.61000000", "price": "2.83170000", "time": 1543843021523, "id": 11102462, "isBuyerMaker": true}, {"isBestMatch": true, "qty": "211.28000000", "price": "2.83400000", "time": 1543843039075, "id": 11102463, "isBuyerMaker": false}, {"isBestMatch": true, "qty": "9.60000000", "price": "2.83400000", "time": 1543843041718, "id": 11102464, "isBuyerMaker": false}, {"isBestMatch": true, "qty": "35.67000000", "price": "2.83410000", "time": 1543843048005, "id": 11102465, "isBuyerMaker": false}, {"isBestMatch": true, "qty": "117.89000000", "price": "2.83400000", "time": 1543843051019, "id": 11102466, "isBuyerMaker": false}, {"isBestMatch": true, "qty": "200.00000000", "price": "2.83500000", "time": 1543843082018, "id": 11102467, "isBuyerMaker": false}, {"isBestMatch": true, "qty": "176.31000000", "price": "2.83400000", "time": 1543843086650, "id": 11102468, "isBuyerMaker": true}, {"isBestMatch": true, "qty": "117.78000000", "price": "2.83510000", "time": 1543843086656, "id": 11102469, "isBuyerMaker": false}, {"isBestMatch": true, "qty": "100.00000000", "price": "2.83520000", "time": 1543843115225, "id": 11102470, "isBuyerMaker": false}, {"isBestMatch": true, "qty": "5.95000000", "price": "2.83520000", "time": 1543843115465, "id": 11102471, "isBuyerMaker": false}, {"isBestMatch": true, "qty": "100.00000000", "price": "2.83570000", "time": 1543843115679, "id": 11102472, "isBuyerMaker": false}, {"isBestMatch": true, "qty": "100.00000000", "price": "2.83570000", "time": 1543843115691, "id": 11102473, "isBuyerMaker": false}, {"isBestMatch": true, "qty": "141.24000000", "price": "2.83520000", "time": 1543843146801, "id": 11102474, "isBuyerMaker": true}, {"isBestMatch": true, "qty": "50.29000000", "price": "2.83520000", "time": 1543843146801, "id": 11102475, "isBuyerMaker": true}, {"isBestMatch": true, "qty": "71.34000000", "price": "2.83490000", "time": 1543843146900, "id": 11102476, "isBuyerMaker": true}, {"isBestMatch": true, "qty": "96.99000000", "price": "2.83480000", "time": 1543843146900, "id": 11102477, "isBuyerMaker": true}, {"isBestMatch": true, "qty": "71.34000000", "price": "2.83480000", "time": 1543843147210, "id": 11102478, "isBuyerMaker": true}, {"isBestMatch": true, "qty": "35.66000000", "price": "2.83450000", "time": 1543843147210, "id": 11102479, "isBuyerMaker": true}, {"isBestMatch": true, "qty": "319.26000000", "price": "2.83440000", "time": 1543843147210, "id": 11102480, "isBuyerMaker": true}, {"isBestMatch": true, "qty": "17.82000000", "price": "2.83450000", "time": 1543843147350, "id": 11102481, "isBuyerMaker": true}, {"isBestMatch": true, "qty": "35.23000000", "price": "2.83530000", "time": 1543843163615, "id": 11102482, "isBuyerMaker": false}, {"isBestMatch": true, "qty": "52.50000000", "price": "2.83600000", "time": 1543843168270, "id": 11102483, "isBuyerMaker": false}, {"isBestMatch": true, "qty": "27.54000000", "price": "2.83600000", "time": 1543843168286, "id": 11102484, "isBuyerMaker": false}, {"isBestMatch": true, "qty": "36.46000000", "price": "2.83610000", "time": 1543843168286, "id": 11102485, "isBuyerMaker": false}, {"isBestMatch": true, "qty": "52.50000000", "price": "2.83610000", "time": 1543843168655, "id": 11102486, "isBuyerMaker": false}, {"isBestMatch": true, "qty": "64.00000000", "price": "2.83610000", "time": 1543843168698, "id": 11102487, "isBuyerMaker": false}, {"isBestMatch": true, "qty": "47.04000000", "price": "2.83610000", "time": 1543843168763, "id": 11102488, "isBuyerMaker": false}, {"isBestMatch": true, "qty": "114.69000000", "price": "2.83750000", "time": 1543843168763, "id": 11102489, "isBuyerMaker": false}, {"isBestMatch": true, "qty": "31.58000000", "price": "2.83610000", "time": 1543843169228, "id": 11102490, "isBuyerMaker": true}, {"isBestMatch": true, "qty": "105.09000000", "price": "2.83610000", "time": 1543843191464, "id": 11102491, "isBuyerMaker": true}, {"isBestMatch": true, "qty": "89.23000000", "price": "2.83660000", "time": 1543843224903, "id": 11102492, "isBuyerMaker": false}, {"isBestMatch": true, "qty": "35.21000000", "price": "2.83670000", "time": 1543843225164, "id": 11102493, "isBuyerMaker": false}, {"isBestMatch": true, "qty": "100.00000000", "price": "2.83510000", "time": 1543843260535, "id": 11102494, "isBuyerMaker": false}, {"isBestMatch": true, "qty": "100.00000000", "price": "2.83550000", "time": 1543843260790, "id": 11102495, "isBuyerMaker": false}, {"isBestMatch": true, "qty": "139.46000000", "price": "2.83660000", "time": 1543843273325, "id": 11102496, "isBuyerMaker": false}, {"isBestMatch": true, "qty": "10.17000000", "price": "2.83670000", "time": 1543843274785, "id": 11102497, "isBuyerMaker": false}, {"isBestMatch": true, "qty": "33.39000000", "price": "2.83670000", "time": 1543843288467, "id": 11102498, "isBuyerMaker": false}, {"isBestMatch": true, "qty": "19.48000000", "price": "2.83670000", "time": 1543843289944, "id": 11102499, "isBuyerMaker": true}, {"isBestMatch": true, "qty": "9.30000000", "price": "2.83680000", "time": 1543843295857, "id": 11102500, "isBuyerMaker": false}, {"isBestMatch": true, "qty": "11.76000000", "price": "2.83680000", "time": 1543843296597, "id": 11102501, "isBuyerMaker": false}, {"isBestMatch": true, "qty": "178.94000000", "price": "2.83680000", "time": 1543843297671, "id": 11102502, "isBuyerMaker": false}, {"isBestMatch": true, "qty": "50.56000000", "price": "2.83730000", "time": 1543843300420, "id": 11102503, "isBuyerMaker": false}, {"isBestMatch": true, "qty": "13.72000000", "price": "2.83740000", "time": 1543843304385, "id": 11102504, "isBuyerMaker": false}, {"isBestMatch": true, "qty": "17.61000000", "price": "2.83710000", "time": 1543843306720, "id": 11102505, "isBuyerMaker": true}, {"isBestMatch": true, "qty": "14.03000000", "price": "2.83700000", "time": 1543843307783, "id": 11102506, "isBuyerMaker": true}, {"isBestMatch": true, "qty": "14.08000000", "price": "2.83730000", "time": 1543843314836, "id": 11102507, "isBuyerMaker": false}, {"isBestMatch": true, "qty": "8.00000000", "price": "2.83690000", "time": 1543843317082, "id": 11102508, "isBuyerMaker": false}, {"isBestMatch": true, "qty": "17.61000000", "price": "2.83690000", "time": 1543843318502, "id": 11102509, "isBuyerMaker": false}, {"isBestMatch": true, "qty": "21.13000000", "price": "2.83690000", "time": 1543843319033, "id": 11102510, "isBuyerMaker": false}, {"isBestMatch": true, "qty": "21.16000000", "price": "2.83690000", "time": 1543843319896, "id": 11102511, "isBuyerMaker": false}, {"isBestMatch": true, "qty": "14.06000000", "price": "2.83680000", "time": 1543843320363, "id": 11102512, "isBuyerMaker": false}, {"isBestMatch": true, "qty": "41.00000000", "price": "2.83680000", "time": 1543843321031, "id": 11102513, "isBuyerMaker": false}, {"isBestMatch": true, "qty": "17.61000000", "price": "2.83680000", "time": 1543843322827, "id": 11102514, "isBuyerMaker": false}, {"isBestMatch": true, "qty": "10.77000000", "price": "2.83680000", "time": 1543843323277, "id": 11102515, "isBuyerMaker": false}, {"isBestMatch": true, "qty": "6.84000000", "price": "2.83680000", "time": 1543843324394, "id": 11102516, "isBuyerMaker": false}, {"isBestMatch": true, "qty": "35.39000000", "price": "2.83720000", "time": 1543843331198, "id": 11102517, "isBuyerMaker": false}, {"isBestMatch": true, "qty": "45.52000000", "price": "2.83730000", "time": 1543843331198, "id": 11102518, "isBuyerMaker": false}, {"isBestMatch": true, "qty": "19.08000000", "price": "2.83740000", "time": 1543843331198, "id": 11102519, "isBuyerMaker": false}, {"isBestMatch": true, "qty": "35.63000000", "price": "2.83740000", "time": 1543843333293, "id": 11102520, "isBuyerMaker": false}, {"isBestMatch": true, "qty": "7.24000000", "price": "2.83740000", "time": 1543843335094, "id": 11102521, "isBuyerMaker": false}, {"isBestMatch": true, "qty": "99.99000000", "price": "2.83740000", "time": 1543843340207, "id": 11102522, "isBuyerMaker": false}, {"isBestMatch": true, "qty": "24.34000000", "price": "2.83740000", "time": 1543843340719, "id": 11102523, "isBuyerMaker": false}, {"isBestMatch": true, "qty": "275.12000000", "price": "2.84030000", "time": 1543843442982, "id": 11102524, "isBuyerMaker": false}, {"isBestMatch": true, "qty": "74.21000000", "price": "2.83720000", "time": 1543843451781, "id": 11102525, "isBuyerMaker": true}, {"isBestMatch": true, "qty": "100.00000000", "price": "2.83820000", "time": 1543843485784, "id": 11102526, "isBuyerMaker": false}, {"isBestMatch": true, "qty": "132.69000000", "price": "2.83880000", "time": 1543843485900, "id": 11102527, "isBuyerMaker": false}, {"isBestMatch": true, "qty": "77.81000000", "price": "2.83830000", "time": 1543843485923, "id": 11102528, "isBuyerMaker": true}, {"isBestMatch": true, "qty": "7.10000000", "price": "2.83830000", "time": 1543843485994, "id": 11102529, "isBuyerMaker": true}, {"isBestMatch": true, "qty": "67.31000000", "price": "2.83880000", "time": 1543843485999, "id": 11102530, "isBuyerMaker": false}, {"isBestMatch": true, "qty": "200.00000000", "price": "2.83870000", "time": 1543843486102, "id": 11102531, "isBuyerMaker": false}, {"isBestMatch": true, "qty": "32.56000000", "price": "2.83910000", "time": 1543843486214, "id": 11102532, "isBuyerMaker": false}, {"isBestMatch": true, "qty": "32.38000000", "price": "2.83900000", "time": 1543843486303, "id": 11102533, "isBuyerMaker": false}, {"isBestMatch": true, "qty": "50.29000000", "price": "2.83890000", "time": 1543843486829, "id": 11102534, "isBuyerMaker": false}, {"isBestMatch": true, "qty": "118.25000000", "price": "2.83900000", "time": 1543843486932, "id": 11102535, "isBuyerMaker": false}, {"isBestMatch": true, "qty": "32.64000000", "price": "2.83900000", "time": 1543843487031, "id": 11102536, "isBuyerMaker": false}, {"isBestMatch": true, "qty": "59.11000000", "price": "2.83750000", "time": 1543843487984, "id": 11102537, "isBuyerMaker": true}, {"isBestMatch": true, "qty": "100.00000000", "price": "2.83670000", "time": 1543843511919, "id": 11102538, "isBuyerMaker": true}, {"isBestMatch": true, "qty": "100.00000000", "price": "2.83670000", "time": 1543843512091, "id": 11102539, "isBuyerMaker": true}, {"isBestMatch": true, "qty": "77.40000000", "price": "2.83670000", "time": 1543843515703, "id": 11102540, "isBuyerMaker": true}, {"isBestMatch": true, "qty": "100.00000000", "price": "2.83660000", "time": 1543843516697, "id": 11102541, "isBuyerMaker": true}, {"isBestMatch": true, "qty": "35.17000000", "price": "2.83660000", "time": 1543843516939, "id": 11102542, "isBuyerMaker": true}, {"isBestMatch": true, "qty": "39.83000000", "price": "2.83660000", "time": 1543843517312, "id": 11102543, "isBuyerMaker": true}, {"isBestMatch": true, "qty": "313.93000000", "price": "2.83690000", "time": 1543843534051, "id": 11102544, "isBuyerMaker": false}, {"isBestMatch": true, "qty": "240.66000000", "price": "2.83750000", "time": 1543843534053, "id": 11102545, "isBuyerMaker": false}, {"isBestMatch": true, "qty": "76.97000000", "price": "2.83520000", "time": 1543843534466, "id": 11102546, "isBuyerMaker": true}, {"isBestMatch": true, "qty": "313.37000000", "price": "2.83740000", "time": 1543843539583, "id": 11102547, "isBuyerMaker": false}, {"isBestMatch": true, "qty": "64.00000000", "price": "2.83730000", "time": 1543843541100, "id": 11102548, "isBuyerMaker": false}, {"isBestMatch": true, "qty": "302.07000000", "price": "2.83580000", "time": 1543843627051, "id": 11102549, "isBuyerMaker": true}, {"isBestMatch": true, "qty": "52.84000000", "price": "2.83460000", "time": 1543843635382, "id": 11102550, "isBuyerMaker": true}, {"isBestMatch": true, "qty": "211.45000000", "price": "2.83580000", "time": 1543843660166, "id": 11102551, "isBuyerMaker": false}, {"isBestMatch": true, "qty": "273.54000000", "price": "2.83470000", "time": 1543843660166, "id": 11102552, "isBuyerMaker": true}, {"isBestMatch": true, "qty": "100.00000000", "price": "2.83460000", "time": 1543843661393, "id": 11102553, "isBuyerMaker": true}, {"isBestMatch": true, "qty": "22.29000000", "price": "2.83610000", "time": 1543843670162, "id": 11102554, "isBuyerMaker": false}, {"isBestMatch": true, "qty": "142.31000000", "price": "2.83620000", "time": 1543843670162, "id": 11102555, "isBuyerMaker": false}, {"isBestMatch": true, "qty": "200.00000000", "price": "2.83660000", "time": 1543843670162, "id": 11102556, "isBuyerMaker": false}, {"isBestMatch": true, "qty": "78.13000000", "price": "2.83260000", "time": 1543843672052, "id": 11102557, "isBuyerMaker": true}, {"isBestMatch": true, "qty": "142.31000000", "price": "2.83340000", "time": 1543843685418, "id": 11102558, "isBuyerMaker": false}, {"isBestMatch": true, "qty": "24.41000000", "price": "2.83350000", "time": 1543843685418, "id": 11102559, "isBuyerMaker": false}, {"isBestMatch": true, "qty": "200.00000000", "price": "2.83220000", "time": 1543843687216, "id": 11102560, "isBuyerMaker": true}, {"isBestMatch": true, "qty": "200.00000000", "price": "2.83230000", "time": 1543843703711, "id": 11102561, "isBuyerMaker": true}, {"isBestMatch": true, "qty": "200.00000000", "price": "2.83240000", "time": 1543843704723, "id": 11102562, "isBuyerMaker": true}, {"isBestMatch": true, "qty": "253.58000000", "price": "2.83200000", "time": 1543843704990, "id": 11102563, "isBuyerMaker": false}, {"isBestMatch": true, "qty": "199.65000000", "price": "2.83160000", "time": 1543843719118, "id": 11102564, "isBuyerMaker": true}, {"isBestMatch": true, "qty": "0.35000000", "price": "2.83160000", "time": 1543843724440, "id": 11102565, "isBuyerMaker": true}, {"isBestMatch": true, "qty": "3.52000000", "price": "2.83150000", "time": 1543843724440, "id": 11102566, "isBuyerMaker": true}, {"isBestMatch": true, "qty": "200.00000000", "price": "2.83170000", "time": 1543843724525, "id": 11102567, "isBuyerMaker": true}, {"isBestMatch": true, "qty": "94.27000000", "price": "2.83160000", "time": 1543843724651, "id": 11102568, "isBuyerMaker": true}, {"isBestMatch": true, "qty": "105.73000000", "price": "2.83160000", "time": 1543843730928, "id": 11102569, "isBuyerMaker": true}, {"isBestMatch": true, "qty": "200.00000000", "price": "2.83160000", "time": 1543843731031, "id": 11102570, "isBuyerMaker": true}, {"isBestMatch": true, "qty": "56.65000000", "price": "2.83160000", "time": 1543843731132, "id": 11102571, "isBuyerMaker": true}, {"isBestMatch": true, "qty": "143.35000000", "price": "2.83160000", "time": 1543843735445, "id": 11102572, "isBuyerMaker": true}, {"isBestMatch": true, "qty": "51.09000000", "price": "2.83170000", "time": 1543843735542, "id": 11102573, "isBuyerMaker": true}, {"isBestMatch": true, "qty": "148.91000000", "price": "2.83170000", "time": 1543843735642, "id": 11102574, "isBuyerMaker": true}, {"isBestMatch": true, "qty": "63.48000000", "price": "2.83160000", "time": 1543843735741, "id": 11102575, "isBuyerMaker": true}, {"isBestMatch": true, "qty": "4.23000000", "price": "2.83160000", "time": 1543843743648, "id": 11102576, "isBuyerMaker": true}, {"isBestMatch": true, "qty": "100.00000000", "price": "2.83160000", "time": 1543843744554, "id": 11102577, "isBuyerMaker": true}, {"isBestMatch": true, "qty": "32.29000000", "price": "2.83160000", "time": 1543843746875, "id": 11102578, "isBuyerMaker": true}, {"isBestMatch": true, "qty": "42.51000000", "price": "2.83150000", "time": 1543843747761, "id": 11102579, "isBuyerMaker": true}, {"isBestMatch": true, "qty": "8.58000000", "price": "2.83150000", "time": 1543843747785, "id": 11102580, "isBuyerMaker": true}, {"isBestMatch": true, "qty": "294.84000000", "price": "2.83100000", "time": 1543843757072, "id": 11102581, "isBuyerMaker": false}, {"isBestMatch": true, "qty": "42.07000000", "price": "2.83130000", "time": 1543843787926, "id": 11102582, "isBuyerMaker": true}, {"isBestMatch": true, "qty": "174.75000000", "price": "2.83090000", "time": 1543843787926, "id": 11102583, "isBuyerMaker": true}, {"isBestMatch": true, "qty": "34.14000000", "price": "2.83010000", "time": 1543843791302, "id": 11102584, "isBuyerMaker": true}, {"isBestMatch": true, "qty": "100.00000000", "price": "2.83050000", "time": 1543843795749, "id": 11102585, "isBuyerMaker": false}, {"isBestMatch": true, "qty": "68.40000000", "price": "2.83110000", "time": 1543843795749, "id": 11102586, "isBuyerMaker": false}, {"isBestMatch": true, "qty": "36.00000000", "price": "2.83010000", "time": 1543843799278, "id": 11102587, "isBuyerMaker": true}, {"isBestMatch": true, "qty": "0.07000000", "price": "2.83010000", "time": 1543843809532, "id": 11102588, "isBuyerMaker": true}, {"isBestMatch": true, "qty": "236.84000000", "price": "2.82950000", "time": 1543843816950, "id": 11102589, "isBuyerMaker": true}, {"isBestMatch": true, "qty": "13.94000000", "price": "2.83010000", "time": 1543843824376, "id": 11102590, "isBuyerMaker": false}, {"isBestMatch": true, "qty": "200.00000000", "price": "2.83070000", "time": 1543843826183, "id": 11102591, "isBuyerMaker": false}, {"isBestMatch": true, "qty": "79.70000000", "price": "2.82920000", "time": 1543843832728, "id": 11102592, "isBuyerMaker": true}, {"isBestMatch": true, "qty": "263.76000000", "price": "2.82820000", "time": 1543843832821, "id": 11102593, "isBuyerMaker": true}, {"isBestMatch": true, "qty": "89.44000000", "price": "2.82760000", "time": 1543843832821, "id": 11102594, "isBuyerMaker": true}, {"isBestMatch": true, "qty": "46.42000000", "price": "2.82760000", "time": 1543843833287, "id": 11102595, "isBuyerMaker": true}, {"isBestMatch": true, "qty": "64.43000000", "price": "2.82780000", "time": 1543843834002, "id": 11102596, "isBuyerMaker": true}, {"isBestMatch": true, "qty": "10.70000000", "price": "2.82780000", "time": 1543843834218, "id": 11102597, "isBuyerMaker": true}, {"isBestMatch": true, "qty": "44.87000000", "price": "2.82780000", "time": 1543843834227, "id": 11102598, "isBuyerMaker": true}, {"isBestMatch": true, "qty": "86.74000000", "price": "2.82760000", "time": 1543843834227, "id": 11102599, "isBuyerMaker": true}, {"isBestMatch": true, "qty": "55.57000000", "price": "2.82760000", "time": 1543843834294, "id": 11102600, "isBuyerMaker": true}, {"isBestMatch": true, "qty": "4.41000000", "price": "2.82540000", "time": 1543843834479, "id": 11102601, "isBuyerMaker": true}, {"isBestMatch": true, "qty": "30.09000000", "price": "2.82500000", "time": 1543843834479, "id": 11102602, "isBuyerMaker": true}, {"isBestMatch": true, "qty": "198.58000000", "price": "2.82500000", "time": 1543843834479, "id": 11102603, "isBuyerMaker": true}, {"isBestMatch": true, "qty": "255.14000000", "price": "2.82460000", "time": 1543843834479, "id": 11102604, "isBuyerMaker": true}, {"isBestMatch": true, "qty": "292.42000000", "price": "2.82340000", "time": 1543843834479, "id": 11102605, "isBuyerMaker": true}, {"isBestMatch": true, "qty": "169.31000000", "price": "2.82330000", "time": 1543843834479, "id": 11102606, "isBuyerMaker": true}, {"isBestMatch": true, "qty": "127.72000000", "price": "2.82320000", "time": 1543843834479, "id": 11102607, "isBuyerMaker": true}, {"isBestMatch": true, "qty": "300.20000000", "price": "2.82640000", "time": 1543843834692, "id": 11102608, "isBuyerMaker": true}, {"isBestMatch": true, "qty": "258.95000000", "price": "2.82460000", "time": 1543843835208, "id": 11102609, "isBuyerMaker": true}, {"isBestMatch": true, "qty": "19.05000000", "price": "2.82460000", "time": 1543843835208, "id": 11102610, "isBuyerMaker": true}, {"isBestMatch": true, "qty": "74.60000000", "price": "2.82640000", "time": 1543843835736, "id": 11102611, "isBuyerMaker": true}, {"isBestMatch": true, "qty": "0.03000000", "price": "2.82640000", "time": 1543843835737, "id": 11102612, "isBuyerMaker": true}, {"isBestMatch": true, "qty": "27.17000000", "price": "2.82460000", "time": 1543843835737, "id": 11102613, "isBuyerMaker": true}, {"isBestMatch": true, "qty": "176.20000000", "price": "2.82340000", "time": 1543843837100, "id": 11102614, "isBuyerMaker": true}, {"isBestMatch": true, "qty": "40.00000000", "price": "2.82460000", "time": 1543843837598, "id": 11102615, "isBuyerMaker": false}, {"isBestMatch": true, "qty": "25.00000000", "price": "2.82450000", "time": 1543843838169, "id": 11102616, "isBuyerMaker": false}, {"isBestMatch": true, "qty": "25.00000000", "price": "2.82450000", "time": 1543843838198, "id": 11102617, "isBuyerMaker": false}, {"isBestMatch": true, "qty": "4.25000000", "price": "2.82450000", "time": 1543843838453, "id": 11102618, "isBuyerMaker": false}, {"isBestMatch": true, "qty": "4.25000000", "price": "2.82450000", "time": 1543843838667, "id": 11102619, "isBuyerMaker": false}, {"isBestMatch": true, "qty": "64.00000000", "price": "2.82450000", "time": 1543843838808, "id": 11102620, "isBuyerMaker": false}, {"isBestMatch": true, "qty": "4.25000000", "price": "2.82450000", "time": 1543843838949, "id": 11102621, "isBuyerMaker": false}, {"isBestMatch": true, "qty": "55.86000000", "price": "2.82450000", "time": 1543843838960, "id": 11102622, "isBuyerMaker": false}, {"isBestMatch": true, "qty": "3.83000000", "price": "2.82450000", "time": 1543843839054, "id": 11102623, "isBuyerMaker": false}, {"isBestMatch": true, "qty": "4.25000000", "price": "2.82450000", "time": 1543843839144, "id": 11102624, "isBuyerMaker": false}, {"isBestMatch": true, "qty": "6.00000000", "price": "2.82450000", "time": 1543843839437, "id": 11102625, "isBuyerMaker": false}, {"isBestMatch": true, "qty": "3.31000000", "price": "2.82450000", "time": 1543843839446, "id": 11102626, "isBuyerMaker": false}, {"isBestMatch": true, "qty": "0.94000000", "price": "2.82450000", "time": 1543843839742, "id": 11102627, "isBuyerMaker": true}, {"isBestMatch": true, "qty": "799.96000000", "price": "2.82380000", "time": 1543843839742, "id": 11102628, "isBuyerMaker": true}, {"isBestMatch": true, "qty": "4.25000000", "price": "2.82460000", "time": 1543843839742, "id": 11102629, "isBuyerMaker": false}, {"isBestMatch": true, "qty": "197.98000000", "price": "2.82450000", "time": 1543843839764, "id": 11102630, "isBuyerMaker": true}, {"isBestMatch": true, "qty": "2.02000000", "price": "2.82450000", "time": 1543843839764, "id": 11102631, "isBuyerMaker": true}, {"isBestMatch": true, "qty": "0.04000000", "price": "2.82380000", "time": 1543843839764, "id": 11102632, "isBuyerMaker": true}, {"isBestMatch": true, "qty": "77.94000000", "price": "2.82370000", "time": 1543843839764, "id": 11102633, "isBuyerMaker": true}, {"isBestMatch": true, "qty": "117.98000000", "price": "2.82360000", "time": 1543843839764, "id": 11102634, "isBuyerMaker": true}, {"isBestMatch": true, "qty": "9.61000000", "price": "2.82460000", "time": 1543843839931, "id": 11102635, "isBuyerMaker": false}, {"isBestMatch": true, "qty": "4.25000000", "price": "2.82460000", "time": 1543843840041, "id": 11102636, "isBuyerMaker": false}, {"isBestMatch": true, "qty": "6.19000000", "price": "2.82460000", "time": 1543843840231, "id": 11102637, "isBuyerMaker": false}, {"isBestMatch": true, "qty": "4.25000000", "price": "2.82460000", "time": 1543843840237, "id": 11102638, "isBuyerMaker": false}, {"isBestMatch": true, "qty": "4.25000000", "price": "2.82450000", "time": 1543843840445, "id": 11102639, "isBuyerMaker": false}, {"isBestMatch": true, "qty": "4.25000000", "price": "2.82450000", "time": 1543843840770, "id": 11102640, "isBuyerMaker": false}, {"isBestMatch": true, "qty": "4.25000000", "price": "2.82450000", "time": 1543843840949, "id": 11102641, "isBuyerMaker": false}, {"isBestMatch": true, "qty": "4.25000000", "price": "2.82450000", "time": 1543843841154, "id": 11102642, "isBuyerMaker": false}, {"isBestMatch": true, "qty": "4.25000000", "price": "2.82440000", "time": 1543843841460, "id": 11102643, "isBuyerMaker": false}, {"isBestMatch": true, "qty": "4.25000000", "price": "2.82440000", "time": 1543843841671, "id": 11102644, "isBuyerMaker": false}, {"isBestMatch": true, "qty": "4.25000000", "price": "2.82440000", "time": 1543843841953, "id": 11102645, "isBuyerMaker": false}, {"isBestMatch": true, "qty": "4.25000000", "price": "2.82440000", "time": 1543843842280, "id": 11102646, "isBuyerMaker": false}, {"isBestMatch": true, "qty": "64.00000000", "price": "2.82440000", "time": 1543843842500, "id": 11102647, "isBuyerMaker": false}, {"isBestMatch": true, "qty": "4.25000000", "price": "2.82440000", "time": 1543843842558, "id": 11102648, "isBuyerMaker": false}, {"isBestMatch": true, "qty": "4.25000000", "price": "2.82440000", "time": 1543843842743, "id": 11102649, "isBuyerMaker": false}, {"isBestMatch": true, "qty": "52.81000000", "price": "2.82440000", "time": 1543843842845, "id": 11102650, "isBuyerMaker": false}, {"isBestMatch": true, "qty": "124.24000000", "price": "2.82450000", "time": 1543843842845, "id": 11102651, "isBuyerMaker": false}, {"isBestMatch": true, "qty": "140.65000000", "price": "2.82450000", "time": 1543843842845, "id": 11102652, "isBuyerMaker": false}, {"isBestMatch": true, "qty": "1.66000000", "price": "2.82450000", "time": 1543843842862, "id": 11102653, "isBuyerMaker": false}, {"isBestMatch": true, "qty": "50.29000000", "price": "2.82450000", "time": 1543843842862, "id": 11102654, "isBuyerMaker": false}, {"isBestMatch": true, "qty": "31.45000000", "price": "2.82460000", "time": 1543843842862, "id": 11102655, "isBuyerMaker": false}, {"isBestMatch": true, "qty": "148.05000000", "price": "2.82460000", "time": 1543843842862, "id": 11102656, "isBuyerMaker": false}, {"isBestMatch": true, "qty": "40.00000000", "price": "2.82460000", "time": 1543843842890, "id": 11102657, "isBuyerMaker": false}, {"isBestMatch": true, "qty": "11.95000000", "price": "2.82460000", "time": 1543843842908, "id": 11102658, "isBuyerMaker": false}, {"isBestMatch": true, "qty": "28.05000000", "price": "2.82470000", "time": 1543843842908, "id": 11102659, "isBuyerMaker": false}, {"isBestMatch": true, "qty": "4.25000000", "price": "2.82460000", "time": 1543843842945, "id": 11102660, "isBuyerMaker": false}, {"isBestMatch": true, "qty": "35.92000000", "price": "2.82460000", "time": 1543843842957, "id": 11102661, "isBuyerMaker": false}, {"isBestMatch": true, "qty": "35.92000000", "price": "2.82460000", "time": 1543843842973, "id": 11102662, "isBuyerMaker": false}, {"isBestMatch": true, "qty": "35.92000000", "price": "2.82460000", "time": 1543843842999, "id": 11102663, "isBuyerMaker": false}, {"isBestMatch": true, "qty": "35.92000000", "price": "2.82460000", "time": 1543843843023, "id": 11102664, "isBuyerMaker": false}, {"isBestMatch": true, "qty": "35.92000000", "price": "2.82460000", "time": 1543843843042, "id": 11102665, "isBuyerMaker": false}, {"isBestMatch": true, "qty": "16.15000000", "price": "2.82460000", "time": 1543843843069, "id": 11102666, "isBuyerMaker": false}, {"isBestMatch": true, "qty": "11.95000000", "price": "2.82470000", "time": 1543843843069, "id": 11102667, "isBuyerMaker": false}, {"isBestMatch": true, "qty": "8.76000000", "price": "2.82730000", "time": 1543843843928, "id": 11102668, "isBuyerMaker": true}, {"isBestMatch": true, "qty": "14.69000000", "price": "2.82740000", "time": 1543843848348, "id": 11102669, "isBuyerMaker": false}, {"isBestMatch": true, "qty": "4.11000000", "price": "2.82750000", "time": 1543843848348, "id": 11102670, "isBuyerMaker": false}, {"isBestMatch": true, "qty": "38.11000000", "price": "2.82430000", "time": 1543843860991, "id": 11102671, "isBuyerMaker": true}, {"isBestMatch": true, "qty": "161.89000000", "price": "2.82430000", "time": 1543843861392, "id": 11102672, "isBuyerMaker": true}, {"isBestMatch": true, "qty": "407.96000000", "price": "2.82380000", "time": 1543843861392, "id": 11102673, "isBuyerMaker": true}, {"isBestMatch": true, "qty": "19.05000000", "price": "2.82700000", "time": 1543843863842, "id": 11102674, "isBuyerMaker": false}, {"isBestMatch": true, "qty": "92.55000000", "price": "2.82690000", "time": 1543843867794, "id": 11102675, "isBuyerMaker": false}, {"isBestMatch": true, "qty": "414.50000000", "price": "2.82540000", "time": 1543843867794, "id": 11102676, "isBuyerMaker": false}, {"isBestMatch": true, "qty": "200.00000000", "price": "2.82700000", "time": 1543843883504, "id": 11102677, "isBuyerMaker": false}, {"isBestMatch": true, "qty": "75.60000000", "price": "2.82530000", "time": 1543843892561, "id": 11102678, "isBuyerMaker": true}, {"isBestMatch": true, "qty": "73.00000000", "price": "2.82490000", "time": 1543843893729, "id": 11102679, "isBuyerMaker": true}, {"isBestMatch": true, "qty": "53.84000000", "price": "2.82560000", "time": 1543843906813, "id": 11102680, "isBuyerMaker": false}, {"isBestMatch": true, "qty": "8.88000000", "price": "2.82540000", "time": 1543843913597, "id": 11102681, "isBuyerMaker": false}, {"isBestMatch": true, "qty": "6.38000000", "price": "2.82460000", "time": 1543843916237, "id": 11102682, "isBuyerMaker": false}, {"isBestMatch": true, "qty": "18.85000000", "price": "2.82460000", "time": 1543843916661, "id": 11102683, "isBuyerMaker": false}, {"isBestMatch": true, "qty": "74.77000000", "price": "2.82460000", "time": 1543843916671, "id": 11102684, "isBuyerMaker": false}, {"isBestMatch": true, "qty": "21.45000000", "price": "2.82550000", "time": 1543843916915, "id": 11102685, "isBuyerMaker": false}, {"isBestMatch": true, "qty": "228.16000000", "price": "2.82740000", "time": 1543843929645, "id": 11102686, "isBuyerMaker": false}, {"isBestMatch": true, "qty": "93.24000000", "price": "2.82660000", "time": 1543843933501, "id": 11102687, "isBuyerMaker": true}, {"isBestMatch": true, "qty": "0.35000000", "price": "2.82740000", "time": 1543843934280, "id": 11102688, "isBuyerMaker": false}, {"isBestMatch": true, "qty": "83.85000000", "price": "2.82810000", "time": 1543843934280, "id": 11102689, "isBuyerMaker": false}, {"isBestMatch": true, "qty": "114.00000000", "price": "2.82810000", "time": 1543843935080, "id": 11102690, "isBuyerMaker": false}, {"isBestMatch": true, "qty": "350.00000000", "price": "2.82810000", "time": 1543843935681, "id": 11102691, "isBuyerMaker": false}, {"isBestMatch": true, "qty": "130.00000000", "price": "2.82930000", "time": 1543843936174, "id": 11102692, "isBuyerMaker": false}, {"isBestMatch": true, "qty": "20.00000000", "price": "2.82930000", "time": 1543843936174, "id": 11102693, "isBuyerMaker": false}, {"isBestMatch": true, "qty": "52.94000000", "price": "2.82930000", "time": 1543843936751, "id": 11102694, "isBuyerMaker": false}, {"isBestMatch": true, "qty": "32.13000000", "price": "2.83110000", "time": 1543843936758, "id": 11102695, "isBuyerMaker": false}, {"isBestMatch": true, "qty": "52.93000000", "price": "2.83120000", "time": 1543843936830, "id": 11102696, "isBuyerMaker": false}, {"isBestMatch": true, "qty": "49.85000000", "price": "2.83120000", "time": 1543843937126, "id": 11102697, "isBuyerMaker": false}, {"isBestMatch": true, "qty": "4.43000000", "price": "2.82960000", "time": 1543843945781, "id": 11102698, "isBuyerMaker": true}, {"isBestMatch": true, "qty": "540.74000000", "price": "2.82970000", "time": 1543843958702, "id": 11102699, "isBuyerMaker": true}, {"isBestMatch": true, "qty": "200.00000000", "price": "2.82970000", "time": 1543843958702, "id": 11102700, "isBuyerMaker": true}, {"isBestMatch": true, "qty": "39.89000000", "price": "2.82850000", "time": 1543843958827, "id": 11102701, "isBuyerMaker": true}, {"isBestMatch": true, "qty": "3.89000000", "price": "2.83070000", "time": 1543843960531, "id": 11102702, "isBuyerMaker": false}, {"isBestMatch": true, "qty": "192.24000000", "price": "2.82990000", "time": 1543843962524, "id": 11102703, "isBuyerMaker": false}, {"isBestMatch": true, "qty": "202.85000000", "price": "2.82870000", "time": 1543843980809, "id": 11102704, "isBuyerMaker": true}, {"isBestMatch": true, "qty": "200.00000000", "price": "2.82870000", "time": 1543843980843, "id": 11102705, "isBuyerMaker": true}, {"isBestMatch": true, "qty": "2.85000000", "price": "2.82870000", "time": 1543843981191, "id": 11102706, "isBuyerMaker": true}, {"isBestMatch": true, "qty": "52.94000000", "price": "2.82700000", "time": 1543843981816, "id": 11102707, "isBuyerMaker": true}, {"isBestMatch": true, "qty": "61.11000000", "price": "2.82920000", "time": 1543843990262, "id": 11102708, "isBuyerMaker": false}, {"isBestMatch": true, "qty": "71.77000000", "price": "2.82900000", "time": 1543844022430, "id": 11102709, "isBuyerMaker": false}, {"isBestMatch": true, "qty": "261.91000000", "price": "2.82690000", "time": 1543844022611, "id": 11102710, "isBuyerMaker": true}, {"isBestMatch": true, "qty": "143.38000000", "price": "2.82910000", "time": 1543844041516, "id": 11102711, "isBuyerMaker": false}, {"isBestMatch": true, "qty": "47.20000000", "price": "2.82920000", "time": 1543844041516, "id": 11102712, "isBuyerMaker": false}, {"isBestMatch": true, "qty": "200.00000000", "price": "2.82700000", "time": 1543844042189, "id": 11102713, "isBuyerMaker": true}, {"isBestMatch": true, "qty": "169.07000000", "price": "2.82910000", "time": 1543844042559, "id": 11102714, "isBuyerMaker": false}, {"isBestMatch": true, "qty": "114.29000000", "price": "2.82910000", "time": 1543844043708, "id": 11102715, "isBuyerMaker": false}, {"isBestMatch": true, "qty": "64.00000000", "price": "2.82910000", "time": 1543844043963, "id": 11102716, "isBuyerMaker": false}, {"isBestMatch": true, "qty": "12.10000000", "price": "2.82910000", "time": 1543844043991, "id": 11102717, "isBuyerMaker": false}, {"isBestMatch": true, "qty": "243.26000000", "price": "2.82790000", "time": 1543844045319, "id": 11102718, "isBuyerMaker": true}, {"isBestMatch": true, "qty": "262.78000000", "price": "2.82940000", "time": 1543844045333, "id": 11102719, "isBuyerMaker": false}, {"isBestMatch": true, "qty": "9.34000000", "price": "2.82950000", "time": 1543844045692, "id": 11102720, "isBuyerMaker": false}, {"isBestMatch": true, "qty": "8.00000000", "price": "2.82930000", "time": 1543844062951, "id": 11102721, "isBuyerMaker": false}, {"isBestMatch": true, "qty": "23.61000000", "price": "2.82940000", "time": 1543844082589, "id": 11102722, "isBuyerMaker": false}, {"isBestMatch": true, "qty": "40.39000000", "price": "2.82950000", "time": 1543844082589, "id": 11102723, "isBuyerMaker": false}, {"isBestMatch": true, "qty": "156.48000000", "price": "2.82890000", "time": 1543844084374, "id": 11102724, "isBuyerMaker": false}, {"isBestMatch": true, "qty": "176.78000000", "price": "2.82890000", "time": 1543844109923, "id": 11102725, "isBuyerMaker": false}, {"isBestMatch": true, "qty": "353.56000000", "price": "2.82890000", "time": 1543844109949, "id": 11102726, "isBuyerMaker": false}, {"isBestMatch": true, "qty": "7.91000000", "price": "2.82890000", "time": 1543844126368, "id": 11102727, "isBuyerMaker": false}, {"isBestMatch": true, "qty": "483.45000000", "price": "2.82890000", "time": 1543844126763, "id": 11102728, "isBuyerMaker": false}, {"isBestMatch": true, "qty": "270.23000000", "price": "2.82990000", "time": 1543844136432, "id": 11102729, "isBuyerMaker": false}, {"isBestMatch": true, "qty": "163.05000000", "price": "2.83140000", "time": 1543844138552, "id": 11102730, "isBuyerMaker": false}, {"isBestMatch": true, "qty": "9.24000000", "price": "2.83150000", "time": 1543844184120, "id": 11102731, "isBuyerMaker": false}, {"isBestMatch": true, "qty": "25.54000000", "price": "2.83150000", "time": 1543844187652, "id": 11102732, "isBuyerMaker": false}, {"isBestMatch": true, "qty": "33.87000000", "price": "2.83150000", "time": 1543844187713, "id": 11102733, "isBuyerMaker": false}, {"isBestMatch": true, "qty": "60.95000000", "price": "2.83160000", "time": 1543844189316, "id": 11102734, "isBuyerMaker": false}, {"isBestMatch": true, "qty": "349.95000000", "price": "2.83160000", "time": 1543844189316, "id": 11102735, "isBuyerMaker": false}, {"isBestMatch": true, "qty": "0.05000000", "price": "2.83160000", "time": 1543844192677, "id": 11102736, "isBuyerMaker": false}, {"isBestMatch": true, "qty": "42.31000000", "price": "2.83450000", "time": 1543844200116, "id": 11102737, "isBuyerMaker": false}, {"isBestMatch": true, "qty": "78.65000000", "price": "2.83230000", "time": 1543844226325, "id": 11102738, "isBuyerMaker": true}, {"isBestMatch": true, "qty": "3.88000000", "price": "2.83220000", "time": 1543844254833, "id": 11102739, "isBuyerMaker": true}, {"isBestMatch": true, "qty": "4.24000000", "price": "2.83220000", "time": 1543844255481, "id": 11102740, "isBuyerMaker": false}, {"isBestMatch": true, "qty": "4.24000000", "price": "2.83220000", "time": 1543844255927, "id": 11102741, "isBuyerMaker": true}, {"isBestMatch": true, "qty": "4.24000000", "price": "2.83220000", "time": 1543844256129, "id": 11102742, "isBuyerMaker": true}, {"isBestMatch": true, "qty": "4.24000000", "price": "2.83220000", "time": 1543844258181, "id": 11102743, "isBuyerMaker": true}, {"isBestMatch": true, "qty": "76.02000000", "price": "2.83170000", "time": 1543844269801, "id": 11102744, "isBuyerMaker": true}, {"isBestMatch": true, "qty": "62.05000000", "price": "2.83160000", "time": 1543844269801, "id": 11102745, "isBuyerMaker": true}, {"isBestMatch": true, "qty": "75.90000000", "price": "2.83160000", "time": 1543844269824, "id": 11102746, "isBuyerMaker": true}, {"isBestMatch": true, "qty": "62.05000000", "price": "2.83170000", "time": 1543844270978, "id": 11102747, "isBuyerMaker": true}, {"isBestMatch": true, "qty": "3.28000000", "price": "2.83230000", "time": 1543844275691, "id": 11102748, "isBuyerMaker": false}, {"isBestMatch": true, "qty": "78.33000000", "price": "2.83410000", "time": 1543844275691, "id": 11102749, "isBuyerMaker": false}, {"isBestMatch": true, "qty": "100.00000000", "price": "2.83420000", "time": 1543844275691, "id": 11102750, "isBuyerMaker": false}, {"isBestMatch": true, "qty": "575.08000000", "price": "2.83430000", "time": 1543844275691, "id": 11102751, "isBuyerMaker": false}, {"isBestMatch": true, "qty": "223.31000000", "price": "2.83310000", "time": 1543844282102, "id": 11102752, "isBuyerMaker": false}, {"isBestMatch": true, "qty": "24.77000000", "price": "2.83250000", "time": 1543844296362, "id": 11102753, "isBuyerMaker": true}, {"isBestMatch": true, "qty": "64.00000000", "price": "2.83400000", "time": 1543844303334, "id": 11102754, "isBuyerMaker": false}, {"isBestMatch": true, "qty": "201.77000000", "price": "2.83270000", "time": 1543844308390, "id": 11102755, "isBuyerMaker": true}, {"isBestMatch": true, "qty": "100.00000000", "price": "2.83260000", "time": 1543844308776, "id": 11102756, "isBuyerMaker": true}, {"isBestMatch": true, "qty": "30.10000000", "price": "2.83390000", "time": 1543844358563, "id": 11102757, "isBuyerMaker": false}, {"isBestMatch": true, "qty": "100.00000000", "price": "2.83390000", "time": 1543844359958, "id": 11102758, "isBuyerMaker": false}, {"isBestMatch": true, "qty": "85.95000000", "price": "2.83360000", "time": 1543844368502, "id": 11102759, "isBuyerMaker": false}, {"isBestMatch": true, "qty": "75.16000000", "price": "2.83640000", "time": 1543844413716, "id": 11102760, "isBuyerMaker": true}, {"isBestMatch": true, "qty": "143.38000000", "price": "2.83630000", "time": 1543844413745, "id": 11102761, "isBuyerMaker": true}, {"isBestMatch": true, "qty": "60.93000000", "price": "2.83640000", "time": 1543844413821, "id": 11102762, "isBuyerMaker": true}, {"isBestMatch": true, "qty": "60.94000000", "price": "2.83540000", "time": 1543844416024, "id": 11102763, "isBuyerMaker": true}, {"isBestMatch": true, "qty": "200.00000000", "price": "2.83490000", "time": 1543844416024, "id": 11102764, "isBuyerMaker": true}, {"isBestMatch": true, "qty": "100.00000000", "price": "2.83490000", "time": 1543844416024, "id": 11102765, "isBuyerMaker": true}, {"isBestMatch": true, "qty": "174.87000000", "price": "2.83360000", "time": 1543844421446, "id": 11102766, "isBuyerMaker": true}, {"isBestMatch": true, "qty": "76.61000000", "price": "2.83550000", "time": 1543844438389, "id": 11102767, "isBuyerMaker": false}, {"isBestMatch": true, "qty": "50.29000000", "price": "2.83560000", "time": 1543844438494, "id": 11102768, "isBuyerMaker": false}, {"isBestMatch": true, "qty": "143.38000000", "price": "2.83580000", "time": 1543844438593, "id": 11102769, "isBuyerMaker": false}, {"isBestMatch": true, "qty": "61.56000000", "price": "2.83390000", "time": 1543844470427, "id": 11102770, "isBuyerMaker": true}, {"isBestMatch": true, "qty": "57.41000000", "price": "2.83380000", "time": 1543844470427, "id": 11102771, "isBuyerMaker": true}, {"isBestMatch": true, "qty": "167.17000000", "price": "2.83580000", "time": 1543844470906, "id": 11102772, "isBuyerMaker": true}, {"isBestMatch": true, "qty": "131.59000000", "price": "2.83380000", "time": 1543844471463, "id": 11102773, "isBuyerMaker": true}, {"isBestMatch": true, "qty": "200.00000000", "price": "2.83360000", "time": 1543844471489, "id": 11102774, "isBuyerMaker": true}, {"isBestMatch": true, "qty": "33.24000000", "price": "2.83310000", "time": 1543844473481, "id": 11102775, "isBuyerMaker": false}, {"isBestMatch": true, "qty": "4.24000000", "price": "2.83300000", "time": 1543844474285, "id": 11102776, "isBuyerMaker": false}, {"isBestMatch": true, "qty": "4.24000000", "price": "2.83300000", "time": 1543844474791, "id": 11102777, "isBuyerMaker": false}, {"isBestMatch": true, "qty": "4.24000000", "price": "2.83300000", "time": 1543844475881, "id": 11102778, "isBuyerMaker": false}, {"isBestMatch": true, "qty": "4.24000000", "price": "2.83300000", "time": 1543844476077, "id": 11102779, "isBuyerMaker": false}, {"isBestMatch": true, "qty": "4.24000000", "price": "2.83300000", "time": 1543844476371, "id": 11102780, "isBuyerMaker": false}, {"isBestMatch": true, "qty": "4.24000000", "price": "2.83300000", "time": 1543844476674, "id": 11102781, "isBuyerMaker": false}, {"isBestMatch": true, "qty": "4.24000000", "price": "2.83300000", "time": 1543844476968, "id": 11102782, "isBuyerMaker": false}, {"isBestMatch": true, "qty": "4.24000000", "price": "2.83300000", "time": 1543844477355, "id": 11102783, "isBuyerMaker": false}, {"isBestMatch": true, "qty": "4.24000000", "price": "2.83300000", "time": 1543844477656, "id": 11102784, "isBuyerMaker": false}, {"isBestMatch": true, "qty": "4.24000000", "price": "2.83300000", "time": 1543844477877, "id": 11102785, "isBuyerMaker": false}, {"isBestMatch": true, "qty": "42.29000000", "price": "2.83060000", "time": 1543844515356, "id": 11102786, "isBuyerMaker": false}, {"isBestMatch": true, "qty": "200.00000000", "price": "2.83040000", "time": 1543844523795, "id": 11102787, "isBuyerMaker": true}, {"isBestMatch": true, "qty": "100.00000000", "price": "2.82990000", "time": 1543844528185, "id": 11102788, "isBuyerMaker": false}, {"isBestMatch": true, "qty": "23.03000000", "price": "2.83060000", "time": 1543844528307, "id": 11102789, "isBuyerMaker": false}, {"isBestMatch": true, "qty": "124.13000000", "price": "2.82940000", "time": 1543844536559, "id": 11102790, "isBuyerMaker": false}, {"isBestMatch": true, "qty": "122.97000000", "price": "2.83040000", "time": 1543844536566, "id": 11102791, "isBuyerMaker": false}, {"isBestMatch": true, "qty": "29.94000000", "price": "2.83140000", "time": 1543844547007, "id": 11102792, "isBuyerMaker": false}, {"isBestMatch": true, "qty": "313.01000000", "price": "2.83050000", "time": 1543844567128, "id": 11102793, "isBuyerMaker": true}, {"isBestMatch": true, "qty": "30.88000000", "price": "2.83040000", "time": 1543844567128, "id": 11102794, "isBuyerMaker": true}, {"isBestMatch": true, "qty": "11.01000000", "price": "2.83020000", "time": 1543844590868, "id": 11102795, "isBuyerMaker": false}, {"isBestMatch": true, "qty": "41.19000000", "price": "2.83020000", "time": 1543844590901, "id": 11102796, "isBuyerMaker": false}, {"isBestMatch": true, "qty": "45.65000000", "price": "2.82890000", "time": 1543844645343, "id": 11102797, "isBuyerMaker": false}, {"isBestMatch": true, "qty": "22.25000000", "price": "2.82970000", "time": 1543844663138, "id": 11102798, "isBuyerMaker": false}, {"isBestMatch": true, "qty": "250.44000000", "price": "2.82840000", "time": 1543844675084, "id": 11102799, "isBuyerMaker": false}, {"isBestMatch": true, "qty": "42.31000000", "price": "2.82950000", "time": 1543844691268, "id": 11102800, "isBuyerMaker": false}, {"isBestMatch": true, "qty": "84.80000000", "price": "2.82960000", "time": 1543844692076, "id": 11102801, "isBuyerMaker": false}, {"isBestMatch": true, "qty": "49.46000000", "price": "2.82960000", "time": 1543844692095, "id": 11102802, "isBuyerMaker": false}, {"isBestMatch": true, "qty": "35.34000000", "price": "2.83020000", "time": 1543844692095, "id": 11102803, "isBuyerMaker": false}, {"isBestMatch": true, "qty": "366.26000000", "price": "2.83040000", "time": 1543844740873, "id": 11102804, "isBuyerMaker": false}, {"isBestMatch": true, "qty": "47.77000000", "price": "2.82890000", "time": 1543844761293, "id": 11102805, "isBuyerMaker": true}, {"isBestMatch": true, "qty": "274.82000000", "price": "2.82860000", "time": 1543844761293, "id": 11102806, "isBuyerMaker": true}, {"isBestMatch": true, "qty": "14.30000000", "price": "2.82860000", "time": 1543844761325, "id": 11102807, "isBuyerMaker": true}, {"isBestMatch": true, "qty": "21.53000000", "price": "2.82840000", "time": 1543844761325, "id": 11102808, "isBuyerMaker": true}, {"isBestMatch": true, "qty": "10.47000000", "price": "2.82840000", "time": 1543844762255, "id": 11102809, "isBuyerMaker": true}, {"isBestMatch": true, "qty": "23.91000000", "price": "2.82770000", "time": 1543844765900, "id": 11102810, "isBuyerMaker": true}, {"isBestMatch": true, "qty": "11.93000000", "price": "2.82760000", "time": 1543844774865, "id": 11102811, "isBuyerMaker": true}, {"isBestMatch": true, "qty": "199.97000000", "price": "2.82750000", "time": 1543844774865, "id": 11102812, "isBuyerMaker": true}, {"isBestMatch": true, "qty": "99.98000000", "price": "2.82470000", "time": 1543844776154, "id": 11102813, "isBuyerMaker": true}, {"isBestMatch": true, "qty": "7.16000000", "price": "2.82470000", "time": 1543844776496, "id": 11102814, "isBuyerMaker": true}, {"isBestMatch": true, "qty": "28.64000000", "price": "2.82470000", "time": 1543844776517, "id": 11102815, "isBuyerMaker": true}, {"isBestMatch": true, "qty": "64.22000000", "price": "2.82470000", "time": 1543844776728, "id": 11102816, "isBuyerMaker": true}, {"isBestMatch": true, "qty": "35.78000000", "price": "2.82460000", "time": 1543844776728, "id": 11102817, "isBuyerMaker": true}, {"isBestMatch": true, "qty": "100.00000000", "price": "2.82460000", "time": 1543844778085, "id": 11102818, "isBuyerMaker": false}, {"isBestMatch": true, "qty": "85.32000000", "price": "2.82470000", "time": 1543844778918, "id": 11102819, "isBuyerMaker": true}, {"isBestMatch": true, "qty": "30.64000000", "price": "2.82440000", "time": 1543844778918, "id": 11102820, "isBuyerMaker": true}, {"isBestMatch": true, "qty": "34.04000000", "price": "2.82430000", "time": 1543844779017, "id": 11102821, "isBuyerMaker": false}, {"isBestMatch": true, "qty": "150.00000000", "price": "2.82430000", "time": 1543844779017, "id": 11102822, "isBuyerMaker": false}, {"isBestMatch": true, "qty": "150.00000000", "price": "2.82430000", "time": 1543844779134, "id": 11102823, "isBuyerMaker": false}, {"isBestMatch": true, "qty": "57.00000000", "price": "2.82430000", "time": 1543844779232, "id": 11102824, "isBuyerMaker": false}, {"isBestMatch": true, "qty": "6.00000000", "price": "2.82510000", "time": 1543844780364, "id": 11102825, "isBuyerMaker": false}, {"isBestMatch": true, "qty": "67.59000000", "price": "2.82510000", "time": 1543844781562, "id": 11102826, "isBuyerMaker": false}, {"isBestMatch": true, "qty": "264.31000000", "price": "2.82590000", "time": 1543844781562, "id": 11102827, "isBuyerMaker": false}, {"isBestMatch": true, "qty": "56.18000000", "price": "2.82530000", "time": 1543844782926, "id": 11102828, "isBuyerMaker": false}, {"isBestMatch": true, "qty": "9.30000000", "price": "2.82180000", "time": 1543844783315, "id": 11102829, "isBuyerMaker": true}, {"isBestMatch": true, "qty": "1.46000000", "price": "2.82170000", "time": 1543844783315, "id": 11102830, "isBuyerMaker": true}, {"isBestMatch": true, "qty": "147.94000000", "price": "2.82390000", "time": 1543844786689, "id": 11102831, "isBuyerMaker": false}, {"isBestMatch": true, "qty": "36.72000000", "price": "2.82330000", "time": 1543844786693, "id": 11102832, "isBuyerMaker": true}, {"isBestMatch": true, "qty": "498.38000000", "price": "2.82340000", "time": 1543844793841, "id": 11102833, "isBuyerMaker": true}, {"isBestMatch": true, "qty": "200.00000000", "price": "2.82290000", "time": 1543844796826, "id": 11102834, "isBuyerMaker": true}, {"isBestMatch": true, "qty": "38.46000000", "price": "2.82200000", "time": 1543844816639, "id": 11102835, "isBuyerMaker": true}, {"isBestMatch": true, "qty": "48.77000000", "price": "2.82440000", "time": 1543844828204, "id": 11102836, "isBuyerMaker": false}, {"isBestMatch": true, "qty": "100.00000000", "price": "2.82300000", "time": 1543844831272, "id": 11102837, "isBuyerMaker": true}, {"isBestMatch": true, "qty": "414.89000000", "price": "2.82310000", "time": 1543844835046, "id": 11102838, "isBuyerMaker": true}, {"isBestMatch": true, "qty": "73.92000000", "price": "2.82430000", "time": 1543844835046, "id": 11102839, "isBuyerMaker": false}, {"isBestMatch": true, "qty": "48.95000000", "price": "2.82440000", "time": 1543844841131, "id": 11102840, "isBuyerMaker": false}, {"isBestMatch": true, "qty": "5.99000000", "price": "2.82290000", "time": 1543844853174, "id": 11102841, "isBuyerMaker": true}, {"isBestMatch": true, "qty": "100.00000000", "price": "2.82420000", "time": 1543844859338, "id": 11102842, "isBuyerMaker": true}, {"isBestMatch": true, "qty": "6.66000000", "price": "2.82420000", "time": 1543844859338, "id": 11102843, "isBuyerMaker": true}, {"isBestMatch": true, "qty": "26.00000000", "price": "2.82440000", "time": 1543844859601, "id": 11102844, "isBuyerMaker": false}, {"isBestMatch": true, "qty": "125.05000000", "price": "2.82440000", "time": 1543844859602, "id": 11102845, "isBuyerMaker": false}, {"isBestMatch": true, "qty": "24.95000000", "price": "2.82440000", "time": 1543844861314, "id": 11102846, "isBuyerMaker": true}, {"isBestMatch": true, "qty": "83.02000000", "price": "2.82440000", "time": 1543844861314, "id": 11102847, "isBuyerMaker": true}, {"isBestMatch": true, "qty": "127.49000000", "price": "2.82530000", "time": 1543844870322, "id": 11102848, "isBuyerMaker": true}, {"isBestMatch": true, "qty": "193.87000000", "price": "2.82590000", "time": 1543844875282, "id": 11102849, "isBuyerMaker": true}, {"isBestMatch": true, "qty": "131.46000000", "price": "2.82630000", "time": 1543844875286, "id": 11102850, "isBuyerMaker": false}, {"isBestMatch": true, "qty": "100.00000000", "price": "2.82560000", "time": 1543844875477, "id": 11102851, "isBuyerMaker": true}, {"isBestMatch": true, "qty": "400.00000000", "price": "2.82590000", "time": 1543844884868, "id": 11102852, "isBuyerMaker": true}, {"isBestMatch": true, "qty": "14.66000000", "price": "2.82590000", "time": 1543844884968, "id": 11102853, "isBuyerMaker": true}, {"isBestMatch": true, "qty": "45.43000000", "price": "2.82420000", "time": 1543844905123, "id": 11102854, "isBuyerMaker": true}, {"isBestMatch": true, "qty": "45.42000000", "price": "2.82420000", "time": 1543844905488, "id": 11102855, "isBuyerMaker": true}, {"isBestMatch": true, "qty": "232.97000000", "price": "2.82550000", "time": 1543844907404, "id": 11102856, "isBuyerMaker": false}, {"isBestMatch": true, "qty": "23.06000000", "price": "2.82500000", "time": 1543844923279, "id": 11102857, "isBuyerMaker": true}, {"isBestMatch": true, "qty": "76.90000000", "price": "2.82500000", "time": 1543844923877, "id": 11102858, "isBuyerMaker": true}, {"isBestMatch": true, "qty": "0.04000000", "price": "2.82500000", "time": 1543844923890, "id": 11102859, "isBuyerMaker": true}, {"isBestMatch": true, "qty": "395.46000000", "price": "2.82480000", "time": 1543844923890, "id": 11102860, "isBuyerMaker": true}, {"isBestMatch": true, "qty": "0.05000000", "price": "2.82480000", "time": 1543844923968, "id": 11102861, "isBuyerMaker": true}, {"isBestMatch": true, "qty": "46.72000000", "price": "2.82390000", "time": 1543844924475, "id": 11102862, "isBuyerMaker": true}, {"isBestMatch": true, "qty": "77.53000000", "price": "2.82390000", "time": 1543844927259, "id": 11102863, "isBuyerMaker": true}, {"isBestMatch": true, "qty": "232.44000000", "price": "2.82390000", "time": 1543844927288, "id": 11102864, "isBuyerMaker": true}, {"isBestMatch": true, "qty": "77.53000000", "price": "2.82390000", "time": 1543844927309, "id": 11102865, "isBuyerMaker": true}, {"isBestMatch": true, "qty": "74.18000000", "price": "2.82450000", "time": 1543844940386, "id": 11102866, "isBuyerMaker": false}, {"isBestMatch": true, "qty": "100.00000000", "price": "2.82460000", "time": 1543844940877, "id": 11102867, "isBuyerMaker": false}, {"isBestMatch": true, "qty": "7.97000000", "price": "2.82460000", "time": 1543844941389, "id": 11102868, "isBuyerMaker": false}, {"isBestMatch": true, "qty": "50.29000000", "price": "2.82580000", "time": 1543844956925, "id": 11102869, "isBuyerMaker": true}, {"isBestMatch": true, "qty": "100.00000000", "price": "2.82570000", "time": 1543844956925, "id": 11102870, "isBuyerMaker": true}, {"isBestMatch": true, "qty": "9.20000000", "price": "2.82530000", "time": 1543844956925, "id": 11102871, "isBuyerMaker": true}, {"isBestMatch": true, "qty": "50.11000000", "price": "2.82720000", "time": 1543844964268, "id": 11102872, "isBuyerMaker": false}, {"isBestMatch": true, "qty": "102.48000000", "price": "2.82530000", "time": 1543844971350, "id": 11102873, "isBuyerMaker": true}, {"isBestMatch": true, "qty": "11.58000000", "price": "2.82540000", "time": 1543844988082, "id": 11102874, "isBuyerMaker": true}, {"isBestMatch": true, "qty": "99.99000000", "price": "2.82540000", "time": 1543844988274, "id": 11102875, "isBuyerMaker": true}, {"isBestMatch": true, "qty": "168.24000000", "price": "2.82590000", "time": 1543844989015, "id": 11102876, "isBuyerMaker": true}, {"isBestMatch": true, "qty": "150.00000000", "price": "2.82710000", "time": 1543844998891, "id": 11102877, "isBuyerMaker": false}, {"isBestMatch": true, "qty": "135.64000000", "price": "2.82710000", "time": 1543844998938, "id": 11102878, "isBuyerMaker": false}, {"isBestMatch": true, "qty": "14.36000000", "price": "2.82720000", "time": 1543844999153, "id": 11102879, "isBuyerMaker": true}, {"isBestMatch": true, "qty": "40.00000000", "price": "2.82720000", "time": 1543844999153, "id": 11102880, "isBuyerMaker": true}, {"isBestMatch": true, "qty": "31.40000000", "price": "2.82680000", "time": 1543845017498, "id": 11102881, "isBuyerMaker": true}, {"isBestMatch": true, "qty": "120.87000000", "price": "2.82680000", "time": 1543845017933, "id": 11102882, "isBuyerMaker": true}, {"isBestMatch": true, "qty": "4.61000000", "price": "2.82680000", "time": 1543845034859, "id": 11102883, "isBuyerMaker": false}, {"isBestMatch": true, "qty": "63.75000000", "price": "2.82790000", "time": 1543845037517, "id": 11102884, "isBuyerMaker": true}, {"isBestMatch": true, "qty": "73.09000000", "price": "2.82970000", "time": 1543845096170, "id": 11102885, "isBuyerMaker": false}, {"isBestMatch": true, "qty": "200.00000000", "price": "2.83010000", "time": 1543845096878, "id": 11102886, "isBuyerMaker": false}, {"isBestMatch": true, "qty": "126.01000000", "price": "2.82930000", "time": 1543845099924, "id": 11102887, "isBuyerMaker": true}, {"isBestMatch": true, "qty": "103.00000000", "price": "2.83270000", "time": 1543845101435, "id": 11102888, "isBuyerMaker": false}, {"isBestMatch": true, "qty": "96.30000000", "price": "2.83270000", "time": 1543845103374, "id": 11102889, "isBuyerMaker": false}, {"isBestMatch": true, "qty": "0.70000000", "price": "2.83270000", "time": 1543845103455, "id": 11102890, "isBuyerMaker": false}, {"isBestMatch": true, "qty": "47.75000000", "price": "2.83280000", "time": 1543845104178, "id": 11102891, "isBuyerMaker": true}, {"isBestMatch": true, "qty": "95.60000000", "price": "2.83270000", "time": 1543845104196, "id": 11102892, "isBuyerMaker": true}, {"isBestMatch": true, "qty": "20.57000000", "price": "2.83270000", "time": 1543845104196, "id": 11102893, "isBuyerMaker": true}, {"isBestMatch": true, "qty": "23.91000000", "price": "2.83160000", "time": 1543845107937, "id": 11102894, "isBuyerMaker": true}, {"isBestMatch": true, "qty": "143.38000000", "price": "2.83150000", "time": 1543845107937, "id": 11102895, "isBuyerMaker": true}, {"isBestMatch": true, "qty": "144.45000000", "price": "2.83150000", "time": 1543845107937, "id": 11102896, "isBuyerMaker": true}, {"isBestMatch": true, "qty": "50.29000000", "price": "2.83140000", "time": 1543845107975, "id": 11102897, "isBuyerMaker": true}, {"isBestMatch": true, "qty": "143.38000000", "price": "2.83140000", "time": 1543845107975, "id": 11102898, "isBuyerMaker": true}, {"isBestMatch": true, "qty": "310.33000000", "price": "2.83140000", "time": 1543845107975, "id": 11102899, "isBuyerMaker": true}, {"isBestMatch": true, "qty": "143.38000000", "price": "2.83120000", "time": 1543845107999, "id": 11102900, "isBuyerMaker": true}, {"isBestMatch": true, "qty": "1200.00000000", "price": "2.83100000", "time": 1543845107999, "id": 11102901, "isBuyerMaker": true}, {"isBestMatch": true, "qty": "200.00000000", "price": "2.83060000", "time": 1543845107999, "id": 11102902, "isBuyerMaker": true}, {"isBestMatch": true, "qty": "275.85000000", "price": "2.83050000", "time": 1543845108215, "id": 11102903, "isBuyerMaker": true}, {"isBestMatch": true, "qty": "5.78000000", "price": "2.83430000", "time": 1543845111133, "id": 11102904, "isBuyerMaker": false}, {"isBestMatch": true, "qty": "51.00000000", "price": "2.83320000", "time": 1543845118999, "id": 11102905, "isBuyerMaker": false}, {"isBestMatch": true, "qty": "120.00000000", "price": "2.83300000", "time": 1543845119257, "id": 11102906, "isBuyerMaker": false}, {"isBestMatch": true, "qty": "23.38000000", "price": "2.83320000", "time": 1543845119257, "id": 11102907, "isBuyerMaker": false}, {"isBestMatch": true, "qty": "120.00000000", "price": "2.83300000", "time": 1543845120577, "id": 11102908, "isBuyerMaker": false}, {"isBestMatch": true, "qty": "23.05000000", "price": "2.83630000", "time": 1543845129110, "id": 11102909, "isBuyerMaker": false}, {"isBestMatch": true, "qty": "42.26000000", "price": "2.83630000", "time": 1543845137491, "id": 11102910, "isBuyerMaker": false}, {"isBestMatch": true, "qty": "100.00000000", "price": "2.83630000", "time": 1543845137591, "id": 11102911, "isBuyerMaker": false}, {"isBestMatch": true, "qty": "7.49000000", "price": "2.83630000", "time": 1543845142462, "id": 11102912, "isBuyerMaker": false}, {"isBestMatch": true, "qty": "76.10000000", "price": "2.83590000", "time": 1543845145670, "id": 11102913, "isBuyerMaker": true}, {"isBestMatch": true, "qty": "67.28000000", "price": "2.83580000", "time": 1543845145670, "id": 11102914, "isBuyerMaker": true}, {"isBestMatch": true, "qty": "76.10000000", "price": "2.83580000", "time": 1543845145953, "id": 11102915, "isBuyerMaker": true}, {"isBestMatch": true, "qty": "143.38000000", "price": "2.83560000", "time": 1543845145970, "id": 11102916, "isBuyerMaker": true}, {"isBestMatch": true, "qty": "9.18000000", "price": "2.83560000", "time": 1543845145970, "id": 11102917, "isBuyerMaker": true}, {"isBestMatch": true, "qty": "134.20000000", "price": "2.83560000", "time": 1543845146020, "id": 11102918, "isBuyerMaker": true}, {"isBestMatch": true, "qty": "3.60000000", "price": "2.83480000", "time": 1543845146784, "id": 11102919, "isBuyerMaker": true}, {"isBestMatch": true, "qty": "6.00000000", "price": "2.83450000", "time": 1543845147603, "id": 11102920, "isBuyerMaker": true}, {"isBestMatch": true, "qty": "77.00000000", "price": "2.83430000", "time": 1543845148876, "id": 11102921, "isBuyerMaker": true}]